@inproceedings{chen2023mingofficial,
  title={MingOfficial: A Ming Official Career Dataset and a Historical Context-Aware Representation Learning Framework},
  author={Chen, You-Jun and Hsieh, Hsin-Yi and Lin, Yu and Tian, Yingtao and Chan, Bert and Liu, Yu-Sin and Lin, Yi-Hsuan and Tsai, Richard},
  booktitle={Proceedings of the 2023 Conference on Empirical Methods in Natural Language Processing},
  pages={4380--4401},
  year={2023}
}
